<record><leader>00000cas a22000007a 4500</leader><controlfield tag="001">11996614</controlfield><controlfield tag="008">850503c19649999njudn ne      0    0eng d</controlfield><datafield ind1=" " ind2=" " tag="010"><subfield code="a">sn 85035646 </subfield></datafield><datafield ind1=" " ind2=" " tag="040"><subfield code="a">NPA</subfield><subfield code="b">eng</subfield><subfield code="c">NPA</subfield><subfield code="d">NJW</subfield><subfield code="d">OCLCQ</subfield></datafield><datafield ind1=" " ind2=" " tag="042"><subfield code="a">msc</subfield></datafield><datafield ind1="0" ind2=" " tag="130"><subfield code="a">Daily register (Red Bank, N.J.)</subfield></datafield><datafield ind1="1" ind2="4" tag="245"><subfield code="a">The daily register.</subfield></datafield><datafield ind1="3" ind2="0" tag="246"><subfield code="a">Sunday register</subfield></datafield><datafield ind1=" " ind2=" " tag="260"><subfield code="a">[Red Bank, N.J.] :</subfield><subfield code="b">Red Bank Register Inc.,</subfield><subfield code="c">1964-</subfield></datafield><datafield ind1=" " ind2=" " tag="300"><subfield code="a">v. :</subfield><subfield code="b">ill.</subfield></datafield><datafield ind1=" " ind2=" " tag="310"><subfield code="a">Daily (except Sat.)</subfield></datafield><datafield ind1=" " ind2=" " tag="321"><subfield code="a">Daily (except Sat. and Sun.)</subfield></datafield><datafield ind1="0" ind2=" " tag="362"><subfield code="a">Vol. 87, no. 6 (July 6, 1964)-</subfield></datafield><datafield ind1=" " ind2=" " tag="500"><subfield code="a">Sunday edition called: Sunday register.</subfield></datafield><datafield ind1=" " ind2=" " tag="530"><subfield code="a">Available on microfilm from Micro Photo Div., Bell &amp; Howell Co.</subfield></datafield><datafield ind1=" " ind2=" " tag="752"><subfield code="a">United States</subfield><subfield code="b">New Jersey</subfield><subfield code="c">Monmouth</subfield><subfield code="d">Red Bank.</subfield></datafield><datafield ind1=" " ind2=" " tag="752"><subfield code="a">United States</subfield><subfield code="b">New Jersey</subfield><subfield code="c">Monmouth</subfield><subfield code="d">Middletown.</subfield></datafield><datafield ind1=" " ind2=" " tag="752"><subfield code="a">United States</subfield><subfield code="b">New Jersey</subfield><subfield code="c">Monmouth</subfield><subfield code="d">Freehold.</subfield></datafield><datafield ind1="0" ind2="0" tag="780"><subfield code="t">Red Bank register</subfield><subfield code="w">(DLC)sn 84020551</subfield><subfield code="w">(OCoLC)11116179</subfield></datafield></record>